@misc{cameroon_law_2015,
  title        = {LOI N°2015/006 DU 20 AVRIL 2015 MODIFIANT ET COMPLETANT CERTAINES DISPOSITIONS DE LA LOI N°2010/013 DU 21 DECEMBRE 2010 REGISSANTLES COMMUNICATIONS ELECTRONIQUES AU CAMEROUN},
  author       = {{République du Cameroun}},
  year         = {2015},
  month        = {April},
  note         = {Assemblée Nationale et Président de la République},
  url          = {https://www.art.cm/sites/default/files/documents/LOI%20N%C2%B02015%20006%20DU%2020%20AVRIL%202015%20MODIFIANT%20ET%20COMPLETANT%20CERTAINES%20DISPOSITIONS%20DE%20LA%20LOI%20%20DE%202010%20LCE.pdf}
}


@misc{Loi2010013,
  title        = {LOI N°2010 013 DU 21 DECEMBRE 2010 REGISSANT LES COMMUNICATIONS ELECTRONIQUES AU CAMEROUN},
  author       = {Conseil National de la communication},
  year         = {2010},
  month        = {12},
  day          = {21},
  howpublished = {Téléchargé depuis le site du CNC - NCC},
  note         = {Accédé le 28/07/2021},
  url          = {https://www.cnc.cm}
}


@misc{securoute2024,
  title        = {Le transport routier au Cameroun : Recueil et textes},
  author       = {Groupe Logistique Conseil et SECUROUTE},
  year         = {2024},
  howpublished = {Securoute Africa},
  note         = {Disponible sur: \url{https://www.securouteafrica.org}}
}

@article{camerounCirculation,
  title = {Circulation à Yaoundé : au rythme des embouteillages},
  author = {Actu Cameroun},
  journal = {Camer.be},
  year = {2016},
  month = {Sep},
  day = {29},
  note = {Publié le 29 Sep 2016},
  url = {https://www.actucameroun.com/2016/09/29/circulation-a-yaounde-au-rythme-des-embouteillages/}
}

@misc{237online2022contournement,
  title        = {Cameroun – Embouteillages : 794 milliards FCFA à lever pour la voie de contournement de Yaoundé},
  author       = {237online},
  year         = {2022},
  howpublished = {237online.com},
  note         = {Disponible sur: \url{https://237online.com}}
}

@techreport{mfoulou2016mobilite,
  title={Mobilité urbaine et politique de transport à Yaoundé},
  author={Mfoulou Olugu, Jean Patrick},
  year={2016},
  institution={Université de Yaoundé II soa FSEG},
  type={Research Report},
  note={ffhal-01315178}
}

@online{graph_image,
  author = {quizizz library},
  title = {Théorie des graphes - Une Introduction Visuelle},
  url = {https://www.bing.com/images/search?view=detailV2&ccid=gwrBHB2W&id=7C4A38AD4426ACF4C34E9AE114E0A1156DA53F24&thid=OIP.gwrBHB2WMUPSiwGPH36n0AHaHG&mediaurl=https%3a%2f%2fquizizz.com%2fmedia%2fresource%2fgs%2fquizizz-media%2fquizzes%2fea93dd07-ba70-4ece-a80a-464393d2f5ba&cdnurl=https%3a%2f%2fth.bing.com%2fth%2fid%2fR.830ac11c1d}
}

@online{graph_image2,
  author = {www.schoolmouv.fr},
  title = {Théorie des graphes - Sommets et Arêtes},
  url = {https://www.bing.com/images/search?view=detailV2&ccid=0E6PCo5l&id=F8AA574CCC8F03F5EF2840BC60D98F55FD776061&thid=OIP.0E6PCo5lJ6r-hlSW6zSUUAHaDb&mediaurl=https%3a%2f%2fkronos-images.schoolmouv.fr%2f2-fnx-snt-c12-img01.png&cdnurl=https%3a%2f%2fth.bing.com%2fth%2fid%2fR.d04e8f0a8e6527aafe865496eb349450%3frik%3dYWB3%252fVWP2WC8QA%26pid%3dImgRaw%26r%3d0&exph=823&expw=1778&q=theorie+des+graphes%2csommets+et+arretes&simid=608000518924079244&FORM=IRPRST&ck=07D4EC61381080DE7CEA22839E9DFA7F&selectedIndex=28&itb=1&ajaxhist=0&}
}
@online{graph_image3,
  author = {mathWorld},
  title = {Théorie des graphes - graphes simples},
  url = {https://www.bing.com/images/search?view=detailV2&ccid=jQoW941E&id=75E91A157A1A3D60C32D3C23C8DEDC007290AB44&thid=OIP.jQoW941EEgEv23h_bRGIigHaCn&mediaurl=https%3a%2f%2fmathworld.wolfram.com%2fimages%2feps-gif%2fSimpleGraph_950.gif&cdnurl=https%3a%2f%2fth.bing.com%2fth%2fid%2fR.8d0a16f78d4412012fdb787f6d11888a%3frik%3dRKuQcgDc3sgjPA%26pid%3dImgRaw%26r%3d0&exph=179&expw=507&q=graphe+simple+vs+graph+non+simple&simid=608032159940963323&FORM=IRPRST&ck=76A0AA8744DDCC8DE44A721228C438C5&selectedIndex=0&itb=0&idpp=overlayview&ajaxhist=0&ajaxserp=0
}



}


