@misc{cameroon_law_2015,
  title        = {LOI N°2015/006 DU 20 AVRIL 2015 MODIFIANT ET COMPLETANT CERTAINES DISPOSITIONS DE LA LOI N°2010/013 DU 21 DECEMBRE 2010 REGISSANTLES COMMUNICATIONS ELECTRONIQUES AU CAMEROUN},
  author       = {{République du Cameroun}},
  year         = {2015},
  month        = {April},
  note         = {Assemblée Nationale et Président de la République},
  url          = {https://www.art.cm/sites/default/files/documents/LOI%20N%C2%B02015%20006%20DU%2020%20AVRIL%202015%20MODIFIANT%20ET%20COMPLETANT%20CERTAINES%20DISPOSITIONS%20DE%20LA%20LOI%20%20DE%202010%20LCE.pdf}
}


@misc{Loi2010013,
  title        = {LOI N°2010 013 DU 21 DECEMBRE 2010 REGISSANT LES COMMUNICATIONS ELECTRONIQUES AU CAMEROUN},
  author       = {Conseil National de la communication},
  year         = {2010},
  month        = {12},
  day          = {21},
  howpublished = {Téléchargé depuis le site du CNC - NCC},
  note         = {Accédé le 28/07/2021},
  url          = {https://www.cnc.cm}
}


@misc{securoute2024,
  title        = {Le transport routier au Cameroun : Recueil et textes},
  author       = {Groupe Logistique Conseil et SECUROUTE},
  year         = {2024},
  howpublished = {Securoute Africa},
  note         = {Disponible sur: \url{https://www.securouteafrica.org}}
}

@article{camerounCirculation,
  title = {Circulation à Yaoundé : au rythme des embouteillages},
  author = {Actu Cameroun},
  journal = {Camer.be},
  year = {2016},
  month = {Sep},
  day = {29},
  note = {Publié le 29 Sep 2016},
  url = {https://www.actucameroun.com/2016/09/29/circulation-a-yaounde-au-rythme-des-embouteillages/}
}

@misc{237online2022contournement,
  title        = {Cameroun – Embouteillages : 794 milliards FCFA à lever pour la voie de contournement de Yaoundé},
  author       = {237online},
  year         = {2022},
  howpublished = {237online.com},
  note         = {Disponible sur: \url{https://237online.com}}
}

@techreport{mfoulou2016mobilite,
  title={Mobilité urbaine et politique de transport à Yaoundé},
  author={Mfoulou Olugu, Jean Patrick},
  year={2016},
  institution={Université de Yaoundé II soa FSEG},
  type={Research Report},
  note={ffhal-01315178}
}



